<?xml version="1.0" encoding="UTF-8"?>
<record xmlns="http://www.loc.gov/MARC21/slim" xmlns:xsi="http://www.w3.org/2001/XMLSchema-instance" xsi:schemaLocation="http://www.loc.gov/MARC21/slim http://www.loc.gov/standards/marcxml/schema/MARC21slim.xsd">
<leader>     cam a2200301 a 4500</leader>
<controlfield tag="001">002082374</controlfield>
<controlfield tag="003">NNU</controlfield>
<controlfield tag="005">20061010172312.0</controlfield>
<controlfield tag="008">930526s1954    ir       b    000 0 ara d</controlfield>
<datafield tag="035" ind1="9" ind2=" ">
<subfield code="a">NYUb11038058</subfield>
</datafield>
<datafield tag="035" ind1=" " ind2=" ">
<subfield code="a">(CStRLIN)NYUG93-B24057</subfield>
</datafield>
<datafield tag="040" ind1=" " ind2=" ">
<subfield code="a">NNU</subfield>
<subfield code="c">NNU</subfield>
</datafield>
<datafield tag="066" ind1=" " ind2=" ">
<subfield code="c">(3</subfield>
</datafield>
<datafield tag="090" ind1=" " ind2=" ">
<subfield code="a">B751.Q33</subfield>
<subfield code="b">J39 1954</subfield>
</datafield>
<datafield tag="100" ind1="1" ind2=" ">
<subfield code="a">Jazāʼirī, Niʻmat Allāh ibn ʻAbd Allāh,</subfield>
<subfield code="d">1640 or 41-1701</subfield>
<subfield code="6">880-01</subfield>
</datafield>
<datafield tag="245" ind1="1" ind2="0">
<subfield code="6">880-02</subfield>
<subfield code="a">Sharḥ ʻAynīyat Ibn Sīnā /</subfield>
<subfield code="c">li-Niʻmat Allāh al-Jazāʼirī al-Shūstarī al-Mūsawī al-Ḥusaynī. Wa-Qaṣīdah fī al-radd ʻalá Ibn Sīnā / li-ʻAbd ʻAlī al-Ḥuwayzī ; ʻuniya bi-nashrihumā wa-taḥqīqihumā ... Ḥusayn ʻAlī Maḥfūẓ.</subfield>
</datafield>
<datafield tag="260" ind1=" " ind2=" ">
<subfield code="6">880-03</subfield>
<subfield code="a">Ṭihrān :</subfield>
<subfield code="b">Maṭbaʻat al-Ḥaydarī,</subfield>
<subfield code="c">1954.</subfield>
</datafield>
<datafield tag="300" ind1=" " ind2=" ">
<subfield code="a">26 p. ;</subfield>
<subfield code="c">24 cm.</subfield>
</datafield>
<datafield tag="500" ind1=" " ind2=" ">
<subfield code="a">Titles on added t.p.: A commentary on al-Qaṣīda al-ʻAīniya of Ibn Sina. A refutation of Ibn Sina.</subfield>
</datafield>
<datafield tag="504" ind1=" " ind2=" ">
<subfield code="a">Includes bibliographical references.</subfield>
</datafield>
<datafield tag="600" ind1="0" ind2="0">
<subfield code="a">Avicenna,</subfield>
<subfield code="d">980-1037.</subfield>
<subfield code="t">Qaṣīdah al-ʻaynīyah.</subfield>
</datafield>
<datafield tag="700" ind1="1" ind2=" ">
<subfield code="a">Ḥuwayzī, ʻAbd ʻAlī ibn Jumʻah,</subfield>
<subfield code="d">17th cent.</subfield>
<subfield code="t">Qaṣīdah fī al-radd ʻalá Ibn Sīnā.</subfield>
</datafield>
<datafield tag="700" ind1="1" ind2=" ">
<subfield code="a">Maḥfūẓ, Ḥusayn ʻAlī.</subfield>
</datafield>
<datafield tag="740" ind1="0" ind2=" ">
<subfield code="a">Commentary on al-Qaṣīda al-ʻaīniya of Ibn Sina.</subfield>
</datafield>
<datafield tag="740" ind1="0" ind2=" ">
<subfield code="a">Refutation of Ibn Sina.</subfield>
</datafield>
<datafield tag="880" ind1="0" ind2=" ">
<subfield code="6">100-01/</subfield>
<subfield code="a">نعمة الله الجزائري.</subfield>
</datafield>
<datafield tag="880" ind1="1" ind2="0">
<subfield code="6">245-02/</subfield>
<subfield code="a">شرح عينية ابن سينا /</subfield>
<subfield code="c">لنعمة الله الجزائري الشوستري الموسوي الحسينى. وقصيدة فى الرد على ابن سينا / لعبد على الحويزي ؛ عنى بنشرهما وتحقيقهما ... حسين على محفوظ.</subfield>
</datafield>
<datafield tag="880" ind1=" " ind2=" ">
<subfield code="6">260-03/</subfield>
<subfield code="a">طهران :</subfield>
<subfield code="b">مطبعة الحيدرى،</subfield>
<subfield code="c">١٩٥٤.</subfield>
</datafield>
<datafield tag="OWN" ind1=" " ind2=" ">
<subfield code="a">GENERAL</subfield>
</datafield>
<datafield tag="998" ind1=" " ind2=" ">
<subfield code="a">19930622</subfield>
<subfield code="d">19930526</subfield>
<subfield code="d">20011117</subfield>
<subfield code="n">NNU</subfield>
<subfield code="s">1</subfield>
<subfield code="t">c</subfield>
<subfield code="z">p</subfield>
</datafield>
<datafield tag="AVA" ind1=" " ind2=" ">
<subfield code="a">NYU50</subfield>
<subfield code="b">BOBST</subfield>
<subfield code="c">Main Collection</subfield>
<subfield code="d">B751.Q33 J39 1954</subfield>
<subfield code="e">unavailable</subfield>
<subfield code="t">Unavailable</subfield>
<subfield code="f">1</subfield>
<subfield code="g">1</subfield>
<subfield code="h">N</subfield>
<subfield code="i">0</subfield>
<subfield code="j">MAIN</subfield>
</datafield>
</record>
